%
%  BibTex template for writing ApJ style bibliographies
%
%  Created by Jordan Mirocha on 2009-09-17.
%  Copyright (c) 2009 . All rights reserved.
%

@ARTICLE{Abel2002,
   author = {{Abel}, T. and {Wandelt}, B.~D.},
    title = "{Adaptive ray tracing for radiative transfer around point sources}",
  journal = {\mnras},
   eprint = {arXiv:astro-ph/0111033},
 keywords = {HYDRODYNAMICS, RADIATIVE TRANSFER, METHODS: N -BODY SIMULATIONS, METHODS: NUMERICAL, ISM: EVOLUTION, COSMOLOGY: THEORY, hydrodynamics; radiative transfer; methods: N-body simulations; methods: numerical; ISM: evolution; cosmology: theory},
     year = 2002,
    month = mar,
   volume = 330,
    pages = {L53-L56},
      doi = {10.1046/j.1365-8711.2002.05206.x},
   adsurl = {http://adsabs.harvard.edu/abs/2002MNRAS.330L..53A},
  adsnote = {Provided by the SAO/NASA Astrophysics Data System}
}

@ARTICLE{Fukugita1994,
   author = {{Fukugita}, M. and {Kawasaki}, M.},
    title = "{Reionization during Hierarchical Clustering in a Universe Dominated by Cold Dark Matter}",
  journal = {\mnras},
   eprint = {arXiv:astro-ph/9309036},
     year = 1994,
    month = aug,
   volume = 269,
    pages = {563-+},
   adsurl = {http://adsabs.harvard.edu/abs/1994MNRAS.269..563F},
  adsnote = {Provided by the SAO/NASA Astrophysics Data System}
}

@ARTICLE{Furlanetto2010,
   author = {{Furlanetto}, S.~R. and {Stoever}, S.~J.},
    title = "{Secondary ionization and heating by fast electrons}",
  journal = {\mnras},
archivePrefix = "arXiv",
   eprint = {0910.4410},
 primaryClass = "astro-ph.CO",
 keywords = {atomic processes, intergalactic medium, diffuse radiation},
     year = 2010,
    month = jun,
   volume = 404,
    pages = {1869-1878},
      doi = {10.1111/j.1365-2966.2010.16401.x},
   adsurl = {http://adsabs.harvard.edu/abs/2010MNRAS.404.1869F},
  adsnote = {Provided by the SAO/NASA Astrophysics Data System}
}

@ARTICLE{Iliev2006,
   author = {{Iliev}, I.~T. and {Ciardi}, B. and {Alvarez}, M.~A. and {Maselli}, A. and 
	{Ferrara}, A. and {Gnedin}, N.~Y. and {Mellema}, G. and {Nakamoto}, T. and 
	{Norman}, M.~L. and {Razoumov}, A.~O. and {Rijkhorst}, E.-J. and 
	{Ritzerveld}, J. and {Shapiro}, P.~R. and {Susa}, H. and {Umemura}, M. and 
	{Whalen}, D.~J.},
    title = "{Cosmological radiative transfer codes comparison project - I. The static density field tests}",
  journal = {\mnras},
   eprint = {arXiv:astro-ph/0603199},
 keywords = {radiative transfer: ISM: bubbles: HII regions: galaxies: formation: intergalactic medium: cosmology: theory, radiative transfer, ISM: bubbles, HII regions, galaxies: formation, intergalactic medium, cosmology: theory},
     year = 2006,
    month = sep,
   volume = 371,
    pages = {1057-1086},
      doi = {10.1111/j.1365-2966.2006.10775.x},
   adsurl = {http://adsabs.harvard.edu/abs/2006MNRAS.371.1057I},
  adsnote = {Provided by the SAO/NASA Astrophysics Data System}
}

@ARTICLE{Iliev2009,
   author = {{Iliev}, I.~T. and {Whalen}, D. and {Mellema}, G. and {Ahn}, K. and 
	{Baek}, S. and {Gnedin}, N.~Y. and {Kravtsov}, A.~V. and {Norman}, M. and 
	{Raicevic}, M. and {Reynolds}, D.~R. and {Sato}, D. and {Shapiro}, P.~R. and 
	{Semelin}, B. and {Smidt}, J. and {Susa}, H. and {Theuns}, T. and 
	{Umemura}, M.},
    title = "{Cosmological radiative transfer comparison project - II. The radiation-hydrodynamic tests}",
  journal = {\mnras},
archivePrefix = "arXiv",
   eprint = {0905.2920},
 primaryClass = "astro-ph.CO",
 keywords = {radiative transfer , methods: numerical , HII regions , galaxies: high-redshift , intergalactic medium , cosmology: theory},
     year = 2009,
    month = dec,
   volume = 400,
    pages = {1283-1316},
      doi = {10.1111/j.1365-2966.2009.15558.x},
   adsurl = {http://adsabs.harvard.edu/abs/2009MNRAS.400.1283I},
  adsnote = {Provided by the SAO/NASA Astrophysics Data System}
}


@ARTICLE{Kuhlen2005,
   author = {{Kuhlen}, M. and {Madau}, P.},
    title = "{The first miniquasar}",
  journal = {\mnras},
   eprint = {arXiv:astro-ph/0506712},
 keywords = {methods: numerical, galaxies: active, cosmology: theory, X-rays: general},
     year = 2005,
    month = nov,
   volume = 363,
    pages = {1069-1082},
      doi = {10.1111/j.1365-2966.2005.09522.x},
   adsurl = {http://adsabs.harvard.edu/abs/2005MNRAS.363.1069K},
  adsnote = {Provided by the SAO/NASA Astrophysics Data System}
}


@ARTICLE{Reynolds2009,
   author = {{Reynolds}, D.~R. and {Hayes}, J.~C. and {Paschos}, P. and {Norman}, M.~L.
	},
    title = "{Self-consistent solution of cosmological radiation-hydrodynamics and chemical ionization}",
  journal = {Journal of Computational Physics},
archivePrefix = "arXiv",
   eprint = {0901.1110},
 primaryClass = "astro-ph.CO",
 keywords = {Origin and formation of the Universe, Numerical simulation; solution of equations, Ordinary and partial differential equations; boundary value problems},
     year = 2009,
    month = oct,
   volume = 228,
    pages = {6833-6854},
      doi = {10.1016/j.jcp.2009.06.006},
   adsurl = {http://adsabs.harvard.edu/abs/2009JCoPh.228.6833R},
  adsnote = {Provided by the SAO/NASA Astrophysics Data System}
}

@ARTICLE{Shapiro2004,
   author = {{Shapiro}, P.~R. and {Iliev}, I.~T. and {Raga}, A.~C.},
    title = "{Photoevaporation of cosmological minihaloes during reionization}",
  journal = {\mnras},
   eprint = {arXiv:astro-ph/0307266},
 keywords = {hydrodynamics, radiative transfer, galaxies: haloes, galaxies: high-redshift, intergalactic medium, cosmology: theory},
     year = 2004,
    month = mar,
   volume = 348,
    pages = {753-782},
      doi = {10.1111/j.1365-2966.2004.07364.x},
   adsurl = {http://adsabs.harvard.edu/abs/2004MNRAS.348..753S},
  adsnote = {Provided by the SAO/NASA Astrophysics Data System}
}


@ARTICLE{Shull1985,
   author = {{Shull}, J.~M. and {van Steenberg}, M.~E.},
    title = "{X-ray secondary heating and ionization in quasar emission-line clouds}",
  journal = {\apj},
 keywords = {EMISSION SPECTRA, GALACTIC NUCLEI, INTERSTELLAR GAS, PHOTOIONIZATION, QUASARS, X RAY ASTRONOMY, ASTRONOMICAL MODELS, COMPUTATIONAL ASTROPHYSICS, ELECTRON ENERGY, ELECTRON SCATTERING, RADIANT HEATING, SECONDARY EMISSION},
     year = 1985,
    month = nov,
   volume = 298,
    pages = {268-274},
      doi = {10.1086/163605},
   adsurl = {http://adsabs.harvard.edu/abs/1985ApJ...298..268S},
  adsnote = {Provided by the SAO/NASA Astrophysics Data System}
}

@ARTICLE{Thomas2008,
   author = {{Thomas}, R.~M. and {Zaroubi}, S.},
    title = "{Time-evolution of ionization and heating around first stars and miniqsos}",
  journal = {\mnras},
archivePrefix = "arXiv",
   eprint = {0709.1657},
 keywords = {quasars: general , cosmology: observations , cosmology: theory , diffuse radiation , radio lines: general},
     year = 2008,
    month = mar,
   volume = 384,
    pages = {1080-1096},
      doi = {10.1111/j.1365-2966.2007.12767.x},
   adsurl = {http://adsabs.harvard.edu/abs/2008MNRAS.384.1080T},
  adsnote = {Provided by the SAO/NASA Astrophysics Data System}
}

@ARTICLE{Verner1996,
   author = {{Verner}, D.~A. and {Ferland}, G.~J. and {Korista}, K.~T. and 
	{Yakovlev}, D.~G.},
    title = "{Atomic Data for Astrophysics. II. New Analytic FITS for Photoionization Cross Sections of Atoms and Ions}",
  journal = {\apj},
   eprint = {arXiv:astro-ph/9601009},
 keywords = {ATOMIC DATA, ATOMIC PROCESSES},
     year = 1996,
    month = jul,
   volume = 465,
    pages = {487-+},
      doi = {10.1086/177435},
   adsurl = {http://adsabs.harvard.edu/abs/1996ApJ...465..487V},
  adsnote = {Provided by the SAO/NASA Astrophysics Data System}
}

@ARTICLE{Wise2011,
   author = {{Wise}, J.~H. and {Abel}, T.},
    title = "{ENZO+MORAY: radiation hydrodynamics adaptive mesh refinement simulations with adaptive ray tracing}",
  journal = {\mnras},
archivePrefix = "arXiv",
   eprint = {1012.2865},
 primaryClass = "astro-ph.IM",
 keywords = {hydrodynamics, radiative transfer, methods: numerical},
     year = 2011,
    month = jul,
   volume = 414,
    pages = {3458-3491},
      doi = {10.1111/j.1365-2966.2011.18646.x},
   adsurl = {http://adsabs.harvard.edu/abs/2011MNRAS.414.3458W},
  adsnote = {Provided by the SAO/NASA Astrophysics Data System}
}
