%
%  BibTex template for writing ApJ style bibliographies
%
%  Created by Jordan Mirocha on 2009-09-17.
%  Copyright (c) 2009 . All rights reserved.
%

@ARTICLE{Abel1999,
   author = {{Abel}, T. and {Norman}, M.~L. and {Madau}, P.},
    title = "{Photon-conserving Radiative Transfer around Point Sources in Multidimensional Numerical Cosmology}",
  journal = {\apj},
   eprint = {arXiv:astro-ph/9812151},
 keywords = {COSMOLOGY: THEORY, GALAXIES: FORMATION, GALAXIES: ISM, GALAXIES: INTERGALACTIC MEDIUM, RADIATIVE TRANSFER},
     year = 1999,
    month = sep,
   volume = 523,
    pages = {66-71},
      doi = {10.1086/307739},
   adsurl = {http://adsabs.harvard.edu/abs/1999ApJ...523...66A},
  adsnote = {Provided by the SAO/NASA Astrophysics Data System}
}

@ARTICLE{Abel2002a,
   author = {{Abel}, T. and {Wandelt}, B.~D.},
    title = "{Adaptive ray tracing for radiative transfer around point sources}",
  journal = {\mnras},
   eprint = {arXiv:astro-ph/0111033},
 keywords = {HYDRODYNAMICS, RADIATIVE TRANSFER, METHODS: N -BODY SIMULATIONS, METHODS: NUMERICAL, ISM: EVOLUTION, COSMOLOGY: THEORY, hydrodynamics; radiative transfer; methods: N-body simulations; methods: numerical; ISM: evolution; cosmology: theory},
     year = 2002,
    month = mar,
   volume = 330,
    pages = {L53-L56},
      doi = {10.1046/j.1365-8711.2002.05206.x},
   adsurl = {http://adsabs.harvard.edu/abs/2002MNRAS.330L..53A},
  adsnote = {Provided by the SAO/NASA Astrophysics Data System}
}

@ARTICLE{Abel2002b,
   author = {{Abel}, T. and {Bryan}, G.~L. and {Norman}, M.~L.},
    title = "{The Formation of the First Star in the Universe}",
  journal = {Science},
   eprint = {arXiv:astro-ph/0112088},
     year = 2002,
    month = jan,
   volume = 295,
    pages = {93-98},
      doi = {10.1126/science.295.5552.93},
   adsurl = {http://adsabs.harvard.edu/abs/2002Sci...295...93A},
  adsnote = {Provided by the SAO/NASA Astrophysics Data System}
}

@article{Abel2007,
author = {Abel, Tom and Wise, John H and Bryan, Greg L},
title = {{The H II Region of a Primordial Star}},
journal = {The Astrophysical Journal},
year = {2007},
volume = {659},
pages = {L87},
month = apr
}

@ARTICLE{Alvarez2009,
   author = {{Alvarez}, M.~A. and {Wise}, J.~H. and {Abel}, T.},
    title = "{Accretion onto the First Stellar-Mass Black Holes}",
  journal = {\apjl},
archivePrefix = "arXiv",
   eprint = {0811.0820},
 keywords = {black hole physics, cosmology: theory, galaxies: formation},
     year = 2009,
    month = aug,
   volume = 701,
    pages = {L133-L137},
      doi = {10.1088/0004-637X/701/2/L133},
   adsurl = {http://adsabs.harvard.edu/abs/2009ApJ...701L.133A},
  adsnote = {Provided by the SAO/NASA Astrophysics Data System}
}


@ARTICLE{Aubert2008,
   author = {{Aubert}, D. and {Teyssier}, R.},
    title = "{A radiative transfer scheme for cosmological reionization based on a local Eddington tensor}",
  journal = {\mnras},
archivePrefix = "arXiv",
   eprint = {0709.1544},
 keywords = {radiative transfer , methods: numerical , methods: N-body simulations},
     year = 2008,
    month = jun,
   volume = 387,
    pages = {295-307},
      doi = {10.1111/j.1365-2966.2008.13223.x},
   adsurl = {http://adsabs.harvard.edu/abs/2008MNRAS.387..295A},
  adsnote = {Provided by the SAO/NASA Astrophysics Data System}
}

@article{Bryan1997,
author = {Bryan, G L and Norman, M L},
title = {{A Hybrid AMR Application for Cosmology and Astrophysics}},
journal = {eprint arXiv},
year = {1997},
pages = {10187},
month = oct,
annote = {6 pages, 1 figure, to appear in "Workshop on Structured Adaptive Mesh Refinement Grid Methods", Mar. 1997, ed. N. Chrisochoides}
}

@ARTICLE{Bondi1944,
   author = {{Bondi}, H. and {Hoyle}, F.},
    title = "{On the mechanism of accretion by stars}",
  journal = {\mnras},
     year = 1944,
   volume = 104,
    pages = {273},
   adsurl = {http://adsabs.harvard.edu/abs/1944MNRAS.104..273B},
  adsnote = {Provided by the SAO/NASA Astrophysics Data System}
}

@ARTICLE{Dale2005,
   author = {{Dale}, J.~E. and {Bonnell}, I.~A. and {Clarke}, C.~J. and {Bate}, M.~R.
	},
    title = "{Photoionizing feedback in star cluster formation}",
  journal = {\mnras},
   eprint = {arXiv:astro-ph/0501160},
 keywords = {stars: formation, HII regions},
     year = 2005,
    month = mar,
   volume = 358,
    pages = {291-304},
      doi = {10.1111/j.1365-2966.2005.08806.x},
   adsurl = {http://adsabs.harvard.edu/abs/2005MNRAS.358..291D},
  adsnote = {Provided by the SAO/NASA Astrophysics Data System}
}

@article{Cerny1985, title={Thermodynamical approach to the traveling salesman problem: An efficient simulation algorithm}, volume={45}, url={http://www.springerlink.com/index/10.1007/BF00940812}, number={1}, journal={Journal of Optimization Theory and Applications}, publisher={Springer Netherlands}, author={\^{C}ern\'{y}, V}, year={1985}, pages={41--51}}

@ARTICLE{Fukugita1994,
   author = {{Fukugita}, M. and {Kawasaki}, M.},
    title = "{Reionization during Hierarchical Clustering in a Universe Dominated by Cold Dark Matter}",
  journal = {\mnras},
   eprint = {arXiv:astro-ph/9309036},
     year = 1994,
    month = aug,
   volume = 269,
    pages = {563},
   adsurl = {http://adsabs.harvard.edu/abs/1994MNRAS.269..563F},
  adsnote = {Provided by the SAO/NASA Astrophysics Data System}
}

@article{Furlanetto2006,
author = {Furlanetto, Steven R and Oh, S Peng and Briggs, Frank H},
title = {{Cosmology at low frequencies: The 21 cm transition and the high-redshift Universe}},
journal = {Physics Reports},
year = {2006},
volume = {433},
pages = {181},
month = oct
}

@ARTICLE{Furlanetto2010,
   author = {{Furlanetto}, S.~R. and {Stoever}, S.~J.},
    title = "{Secondary ionization and heating by fast electrons}",
  journal = {\mnras},
archivePrefix = "arXiv",
   eprint = {0910.4410},
 primaryClass = "astro-ph.CO",
 keywords = {atomic processes, intergalactic medium, diffuse radiation},
     year = 2010,
    month = jun,
   volume = 404,
    pages = {1869-1878},
      doi = {10.1111/j.1365-2966.2010.16401.x},
   adsurl = {http://adsabs.harvard.edu/abs/2010MNRAS.404.1869F},
  adsnote = {Provided by the SAO/NASA Astrophysics Data System}
}

@ARTICLE{Friedrich2012,
   author = {{Friedrich}, M.~M. and {Mellema}, G. and {Iliev}, I.~T. and 
	{Shapiro}, P.~R.},
    title = "{Radiative transfer of energetic photons: X-rays and helium ionization in C2-Ray}",
  journal = {ArXiv e-prints},
archivePrefix = "arXiv",
   eprint = {1201.0602},
 primaryClass = "astro-ph.CO",
 keywords = {Astrophysics - Cosmology and Extragalactic Astrophysics},
     year = 2012,
    month = jan,
   adsurl = {http://adsabs.harvard.edu/abs/2012arXiv1201.0602F},
  adsnote = {Provided by the SAO/NASA Astrophysics Data System}
}

@ARTICLE{Gnedin2001,
   author = {{Gnedin}, N.~Y. and {Abel}, T.},
    title = "{Multi-dimensional cosmological radiative transfer with a Variable Eddington Tensor formalism}",
  journal = {\na},
   eprint = {arXiv:astro-ph/0106278},
     year = 2001,
    month = oct,
   volume = 6,
    pages = {437-455},
      doi = {10.1016/S1384-1076(01)00068-9},
   adsurl = {http://adsabs.harvard.edu/abs/2001NewA....6..437G},
  adsnote = {Provided by the SAO/NASA Astrophysics Data System}
}

@ARTICLE{Hosokawa2011,
   author = {{Hosokawa}, T. and {Omukai}, K. and {Yoshida}, N. and {Yorke}, H.~W.
	},
    title = "{Protostellar Feedback Halts the Growth of the First Stars in the Universe}",
  journal = {Science},
archivePrefix = "arXiv",
   eprint = {1111.3649},
 primaryClass = "astro-ph.CO",
     year = 2011,
    month = dec,
   volume = 334,
    pages = {1250-},
      doi = {10.1126/science.1207433},
   adsurl = {http://adsabs.harvard.edu/abs/2011Sci...334.1250H},
  adsnote = {Provided by the SAO/NASA Astrophysics Data System}
}

@ARTICLE{Iliev2006,
   author = {{Iliev}, I.~T. and {Ciardi}, B. and {Alvarez}, M.~A. and {Maselli}, A. and 
	{Ferrara}, A. and {Gnedin}, N.~Y. and {Mellema}, G. and {Nakamoto}, T. and 
	{Norman}, M.~L. and {Razoumov}, A.~O. and {Rijkhorst}, E.-J. and 
	{Ritzerveld}, J. and {Shapiro}, P.~R. and {Susa}, H. and {Umemura}, M. and 
	{Whalen}, D.~J.},
    title = "{Cosmological radiative transfer codes comparison project - I. The static density field tests}",
  journal = {\mnras},
   eprint = {arXiv:astro-ph/0603199},
 keywords = {radiative transfer: ISM: bubbles: HII regions: galaxies: formation: intergalactic medium: cosmology: theory, radiative transfer, ISM: bubbles, HII regions, galaxies: formation, intergalactic medium, cosmology: theory},
     year = 2006,
    month = sep,
   volume = 371,
    pages = {1057-1086},
      doi = {10.1111/j.1365-2966.2006.10775.x},
   adsurl = {http://adsabs.harvard.edu/abs/2006MNRAS.371.1057I},
  adsnote = {Provided by the SAO/NASA Astrophysics Data System}
}

@ARTICLE{Iliev2009,
   author = {{Iliev}, I.~T. and {Whalen}, D. and {Mellema}, G. and {Ahn}, K. and 
	{Baek}, S. and {Gnedin}, N.~Y. and {Kravtsov}, A.~V. and {Norman}, M. and 
	{Raicevic}, M. and {Reynolds}, D.~R. and {Sato}, D. and {Shapiro}, P.~R. and 
	{Semelin}, B. and {Smidt}, J. and {Susa}, H. and {Theuns}, T. and 
	{Umemura}, M.},
    title = "{Cosmological radiative transfer comparison project - II. The radiation-hydrodynamic tests}",
  journal = {\mnras},
archivePrefix = "arXiv",
   eprint = {0905.2920},
 primaryClass = "astro-ph.CO",
 keywords = {radiative transfer , methods: numerical , HII regions , galaxies: high-redshift , intergalactic medium , cosmology: theory},
     year = 2009,
    month = dec,
   volume = 400,
    pages = {1283-1316},
      doi = {10.1111/j.1365-2966.2009.15558.x},
   adsurl = {http://adsabs.harvard.edu/abs/2009MNRAS.400.1283I},
  adsnote = {Provided by the SAO/NASA Astrophysics Data System}
}

@ARTICLE{Kirkpatrick1983,
   author = {{Kirkpatrick}, S. and {Gelatt}, C.~D. and {Vecchi}, M.~P.},
    title = "{Optimization by Simulated Annealing}",
  journal = {Science},
     year = 1983,
    month = may,
   volume = 220,
    pages = {671-680},
      doi = {10.1126/science.220.4598.671},
   adsurl = {http://adsabs.harvard.edu/abs/1983Sci...220..671K},
  adsnote = {Provided by the SAO/NASA Astrophysics Data System}
}



@ARTICLE{Kuhlen2005,
   author = {{Kuhlen}, M. and {Madau}, P.},
    title = "{The first miniquasar}",
  journal = {\mnras},
   eprint = {arXiv:astro-ph/0506712},
 keywords = {methods: numerical, galaxies: active, cosmology: theory, X-rays: general},
     year = 2005,
    month = nov,
   volume = 363,
    pages = {1069-1082},
      doi = {10.1111/j.1365-2966.2005.09522.x},
   adsurl = {http://adsabs.harvard.edu/abs/2005MNRAS.363.1069K},
  adsnote = {Provided by the SAO/NASA Astrophysics Data System}
}

@article{Kramer2008,
author = {Kramer, R H and Haiman, Z},
title = {{The thickness of high-redshift quasar ionization fronts as a constraint on the ionizing spectral energy distribution}},
journal = {Monthly Notices of the Royal Astronomical Society},
year = {2008},
volume = {385},
number = {3},
pages = {1561--1575},
month = apr
}

@ARTICLE{Krumholz2006,
   author = {{Krumholz}, M.~R.},
    title = "{Radiation Feedback and Fragmentation in Massive Protostellar Cores}",
  journal = {\apjl},
   eprint = {arXiv:astro-ph/0603026},
 keywords = {Stars: Binaries: General, Equation of State, ISM: Clouds, Methods: Numerical, Radiative Transfer, Stars: Formation},
     year = 2006,
    month = apr,
   volume = 641,
    pages = {L45-L48},
      doi = {10.1086/503771},
   adsurl = {http://adsabs.harvard.edu/abs/2006ApJ...641L..45K},
  adsnote = {Provided by the SAO/NASA Astrophysics Data System}
}

@ARTICLE{Krumholz2010,
   author = {{Krumholz}, M.~R. and {Cunningham}, A.~J. and {Klein}, R.~I. and 
	{McKee}, C.~F.},
    title = "{Radiation Feedback, Fragmentation, and the Environmental Dependence of the Initial Mass Function}",
  journal = {\apj},
archivePrefix = "arXiv",
   eprint = {1001.0971},
 primaryClass = "astro-ph.GA",
 keywords = {ISM: clouds, radiative transfer, stars: formation, stars: luminosity function, mass function, turbulence},
     year = 2010,
    month = apr,
   volume = 713,
    pages = {1120-1133},
      doi = {10.1088/0004-637X/713/2/1120},
   adsurl = {http://adsabs.harvard.edu/abs/2010ApJ...713.1120K},
  adsnote = {Provided by the SAO/NASA Astrophysics Data System}
}

@ARTICLE{Maselli2003,
   author = {{Maselli}, A. and {Ferrara}, A. and {Ciardi}, B.},
    title = "{CRASH: a radiative transfer scheme}",
  journal = {\mnras},
   eprint = {arXiv:astro-ph/0307117},
 keywords = {radiative transfer, methods: numerical , intergalactic medium , cosmology: theory},
     year = 2003,
    month = oct,
   volume = 345,
    pages = {379-394},
      doi = {10.1046/j.1365-8711.2003.06979.x},
   adsurl = {http://adsabs.harvard.edu/abs/2003MNRAS.345..379M},
  adsnote = {Provided by the SAO/NASA Astrophysics Data System}
}

@ARTICLE{Mellema2006,
   author = {{Mellema}, G. and {Iliev}, I.~T. and {Alvarez}, M.~A. and {Shapiro}, P.~R.
	},
    title = "{C$^{2}$-ray: A new method for photon-conserving transport of ionizing radiation}",
  journal = {\na},
   eprint = {arXiv:astro-ph/0508416},
     year = 2006,
    month = mar,
   volume = 11,
    pages = {374-395},
      doi = {10.1016/j.newast.2005.09.004},
   adsurl = {http://adsabs.harvard.edu/abs/2006NewA...11..374M},
  adsnote = {Provided by the SAO/NASA Astrophysics Data System}
}

@ARTICLE{Mirocha2012,
   author = {{Mirocha}, J. and {Skory}, S. and {Burns}, J.~O. and {Wise}, J.~H.
	},
    title = "{Optimized Multi-Frequency Spectra for Applications in Radiative Feedback and Cosmological Reionization}",
  journal = {ArXiv e-prints},
archivePrefix = "arXiv",
   eprint = {1204.1944},
 primaryClass = "astro-ph.CO",
 keywords = {Astrophysics - Cosmology and Extragalactic Astrophysics},
     year = 2012,
    month = apr,
   adsurl = {http://adsabs.harvard.edu/abs/2012arXiv1204.1944M},
  adsnote = {Provided by the SAO/NASA Astrophysics Data System}
}

@ARTICLE{Oshea2004,
   author = {{O'Shea}, B.~W. and {Bryan}, G. and {Bordner}, J. and {Norman}, M.~L. and 
	{Abel}, T. and {Harkness}, R. and {Kritsuk}, A.},
    title = "{Introducing Enzo, an AMR Cosmology Application}",
  journal = {ArXiv Astrophysics e-prints},
   eprint = {arXiv:astro-ph/0403044},
 keywords = {Astrophysics},
     year = 2004,
    month = mar,
   adsurl = {http://adsabs.harvard.edu/abs/2004astro.ph..3044O},
  adsnote = {Provided by the SAO/NASA Astrophysics Data System}
}


@BOOK{Osterbrock2006,
   author = {{Osterbrock}, D.~E. and {Ferland}, G.~J.},
    title = "{Astrophysics of gaseous nebulae and active galactic nuclei}",
 keywords = {GASEOUS NEBULAE, PHOTOIONIZATION, THERMAL EQUILIBRIUM, EMISSION SPECTRA, INTERSTELLAR DUST, H II REGIONS, PLANETARY NEBULAE, SUPERNOVA REMNANTS, ACTIVE GALACTIC NUCLEI},
booktitle = {Astrophysics of gaseous nebulae and active galactic nuclei, 2nd.~ed.~by D.E.~Osterbrock and G.J.~Ferland.~Sausalito, CA: University Science Books, 2006},
     year = 2006,
   editor = "{Osterbrock, D.~E.~\& Ferland, G.~J.}",
   adsurl = {http://adsabs.harvard.edu/abs/2006agna.book.....O},
  adsnote = {Provided by the SAO/NASA Astrophysics Data System}
}


@article{Petkova2009,
author = {Petkova, Margarita and Springel, Volker},
title = {{An implementation of radiative transfer in the cosmological simulation code gadget}},
journal = {Monthly Notices of the Royal Astronomical Society},
year = {2009},
volume = {396},
number = {3},
pages = {1383--1403},
month = jul
}



@ARTICLE{Petkova2011,
   author = {{Petkova}, M. and {Springel}, V.},
    title = "{A novel approach for accurate radiative transfer in cosmological hydrodynamic simulations}",
  journal = {\mnras},
archivePrefix = "arXiv",
   eprint = {1012.1017},
 primaryClass = "astro-ph.CO",
 keywords = {radiative transfer, methods: numerical, intergalactic medium},
     year = 2011,
    month = aug,
   volume = 415,
    pages = {3731-3749},
      doi = {10.1111/j.1365-2966.2011.18986.x},
   adsurl = {http://adsabs.harvard.edu/abs/2011MNRAS.415.3731P},
  adsnote = {Provided by the SAO/NASA Astrophysics Data System}
}

@BOOK{Press1992,
   author = {{Press}, W.~H. and {Teukolsky}, S.~A. and {Vetterling}, W.~T. and 
	{Flannery}, B.~P.},
    title = "{Numerical recipes in FORTRAN. The art of scientific computing}",
booktitle = {Cambridge: University Press, |c1992, 2nd ed.},
     year = 1992,
   editor = "{Press, W.~H., Teukolsky, S.~A., Vetterling, W.~T., \& Flannery, B.~P.
	}",
   adsurl = {http://adsabs.harvard.edu/abs/1992nrfa.book.....P},
  adsnote = {Provided by the SAO/NASA Astrophysics Data System}
}

@article{Reynolds2009,
author = {Reynolds, Daniel R and Hayes, John C and Paschos, Pascal and Norman, Michael L},
title = {{Self-consistent solution of cosmological radiation-hydrodynamics and chemical ionization}},
journal = {Journal of Computational Physics},
year = {2009},
volume = {228},
number = {18},
pages = {6833--6854},
month = oct
}

@article{Ricotti2005,
author = {Ricotti, Massimo and Ostriker, Jeremiah P and Gnedin, Nickolay Y},
title = {{X-ray pre-ionization powered by accretion on the first black holes - II. Cosmological simulations and observational signatures}},
journal = {Monthly Notices of the Royal Astronomical Society},
year = {2005},
volume = {357},
pages = {207},
month = feb
}

@ARTICLE{Schaerer2002,
   author = {{Schaerer}, D.},
    title = "{On the properties of massive Population III stars and metal-free stellar populations}",
  journal = {\aap},
   eprint = {arXiv:astro-ph/0110697},
 keywords = {COSMOLOGY: EARLY UNIVERSE, GALAXIES: STELLAR CONTENT, STARS: GENERAL, STARS: FUNDAMENTAL PARAMETERS, STARS: ATMOSPHERES},
     year = 2002,
    month = jan,
   volume = 382,
    pages = {28-42},
      doi = {10.1051/0004-6361:20011619},
   adsurl = {http://adsabs.harvard.edu/abs/2002A%26A...382...28S},
  adsnote = {Provided by the SAO/NASA Astrophysics Data System}
}

@ARTICLE{Shapiro2004,
   author = {{Shapiro}, P.~R. and {Iliev}, I.~T. and {Raga}, A.~C.},
    title = "{Photoevaporation of cosmological minihaloes during reionization}",
  journal = {\mnras},
   eprint = {arXiv:astro-ph/0307266},
 keywords = {hydrodynamics, radiative transfer, galaxies: haloes, galaxies: high-redshift, intergalactic medium, cosmology: theory},
     year = 2004,
    month = mar,
   volume = 348,
    pages = {753-782},
      doi = {10.1111/j.1365-2966.2004.07364.x},
   adsurl = {http://adsabs.harvard.edu/abs/2004MNRAS.348..753S},
  adsnote = {Provided by the SAO/NASA Astrophysics Data System}
}


@ARTICLE{Shull1985,
   author = {{Shull}, J.~M. and {van Steenberg}, M.~E.},
    title = "{X-ray secondary heating and ionization in quasar emission-line clouds}",
  journal = {\apj},
 keywords = {EMISSION SPECTRA, GALACTIC NUCLEI, INTERSTELLAR GAS, PHOTOIONIZATION, QUASARS, X RAY ASTRONOMY, ASTRONOMICAL MODELS, COMPUTATIONAL ASTROPHYSICS, ELECTRON ENERGY, ELECTRON SCATTERING, RADIANT HEATING, SECONDARY EMISSION},
     year = 1985,
    month = nov,
   volume = 298,
    pages = {268-274},
      doi = {10.1086/163605},
   adsurl = {http://adsabs.harvard.edu/abs/1985ApJ...298..268S},
  adsnote = {Provided by the SAO/NASA Astrophysics Data System}
}

@article{Shull2008,
author = {Shull, J Michael and Venkatesan, Aparna},
title = {{Constraints on First-Light Ionizing Sources from Optical Depth of the Cosmic Microwave Background}},
journal = {The Astrophysical Journal},
year = {2008},
volume = {685},
pages = {1},
month = sep
}

@ARTICLE{Thomas2008,
   author = {{Thomas}, R.~M. and {Zaroubi}, S.},
    title = "{Time-evolution of ionization and heating around first stars and miniqsos}",
  journal = {\mnras},
archivePrefix = "arXiv",
   eprint = {0709.1657},
 keywords = {quasars: general , cosmology: observations , cosmology: theory , diffuse radiation , radio lines: general},
     year = 2008,
    month = mar,
   volume = 384,
    pages = {1080-1096},
      doi = {10.1111/j.1365-2966.2007.12767.x},
   adsurl = {http://adsabs.harvard.edu/abs/2008MNRAS.384.1080T},
  adsnote = {Provided by the SAO/NASA Astrophysics Data System}
}

@article{Trac2008,
author = {Trac, Hy and Cen, Renyue and Loeb, Abraham},
title = {{Imprint of Inhomogeneous Hydrogen Reionization on the Temperature Distribution of the Intergalactic Medium}},
journal = {The Astrophysical Journal},
year = {2008},
volume = {689},
pages = {L81},
month = dec
}

@ARTICLE{Turk2011,
   author = {{Turk}, M.~J. and {Smith}, B.~D. and {Oishi}, J.~S. and {Skory}, S. and 
	{Skillman}, S.~W. and {Abel}, T. and {Norman}, M.~L.},
    title = "{yt: A Multi-code Analysis Toolkit for Astrophysical Simulation Data}",
  journal = {\apjs},
archivePrefix = "arXiv",
   eprint = {1011.3514},
 primaryClass = "astro-ph.IM",
 keywords = {cosmology: theory, methods: data analysis, methods: numerical},
     year = 2011,
    month = jan,
   volume = 192,
      eid = {9},
    pages = {9},
      doi = {10.1088/0067-0049/192/1/9},
   adsurl = {http://adsabs.harvard.edu/abs/2011ApJS..192....9T},
  adsnote = {Provided by the SAO/NASA Astrophysics Data System}
}

@ARTICLE{Turner2001,
   author = {{Turner}, N.~J. and {Stone}, J.~M.},
    title = "{A Module for Radiation Hydrodynamic Calculations with ZEUS-2D Using Flux-limited Diffusion}",
  journal = {\apjs},
   eprint = {arXiv:astro-ph/0102145},
 keywords = {Hydrodynamics, Methods: Numerical, Radiative Transfer},
     year = 2001,
    month = jul,
   volume = 135,
    pages = {95-107},
      doi = {10.1086/321779},
   adsurl = {http://adsabs.harvard.edu/abs/2001ApJS..135...95T},
  adsnote = {Provided by the SAO/NASA Astrophysics Data System}
}

@article{Venkatesan2001,
author = {Venkatesan, Aparna and Giroux, Mark L and Shull, J Michael},
title = {{Heating and Ionization of the Intergalactic Medium by an Early X-Ray Background}},
journal = {The Astrophysical Journal},
year = {2001},
volume = {563},
pages = {1},
month = dec
}

@article{Venkatesan2011,
author = {Venkatesan, Aparna and Benson, Andrew},
title = {{X-rays and hard ultraviolet radiation from the first galaxies: ionization bubbles and 21-cm observations}},
journal = {Monthly Notices of the Royal Astronomical Society},
year = {2011},
volume = {417},
number = {3},
pages = {2264--2275},
month = sep
}

@ARTICLE{Verner1996,
   author = {{Verner}, D.~A. and {Ferland}, G.~J. and {Korista}, K.~T. and 
	{Yakovlev}, D.~G.},
    title = "{Atomic Data for Astrophysics. II. New Analytic FITS for Photoionization Cross Sections of Atoms and Ions}",
  journal = {\apj},
   eprint = {arXiv:astro-ph/9601009},
 keywords = {ATOMIC DATA, ATOMIC PROCESSES},
     year = 1996,
    month = jul,
   volume = 465,
    pages = {487-+},
      doi = {10.1086/177435},
   adsurl = {http://adsabs.harvard.edu/abs/1996ApJ...465..487V},
  adsnote = {Provided by the SAO/NASA Astrophysics Data System}
}

@article{Whalen2006,
author = {Whalen, Daniel and Norman, Michael L},
title = {{A Multistep Algorithm for the Radiation Hydrodynamical Transport of Cosmological Ionization Fronts and Ionized Flows}},
journal = {The Astrophysical Journal Supplement Series},
year = {2006},
volume = {162},
pages = {281},
month = feb
}

@article{Whalen2008,
author = {Whalen, Daniel and Norman, Michael L},
title = {{Ionization Front Instabilities in Primordial H II Regions}},
journal = {The Astrophysical Journal},
year = {2008},
volume = {673},
pages = {664},
month = feb
}


@ARTICLE{Wise2011,
   author = {{Wise}, J.~H. and {Abel}, T.},
    title = "{ENZO+MORAY: radiation hydrodynamics adaptive mesh refinement simulations with adaptive ray tracing}",
  journal = {\mnras},
archivePrefix = "arXiv",
   eprint = {1012.2865},
 primaryClass = "astro-ph.IM",
 keywords = {hydrodynamics, radiative transfer, methods: numerical},
     year = 2011,
    month = jul,
   volume = 414,
    pages = {3458-3491},
      doi = {10.1111/j.1365-2966.2011.18646.x},
   adsurl = {http://adsabs.harvard.edu/abs/2011MNRAS.414.3458W},
  adsnote = {Provided by the SAO/NASA Astrophysics Data System}
}

@ARTICLE{2004MNRAS.353.1078W,
   author = {{Whitehouse}, S.~C. and {Bate}, M.~R.},
    title = "{Smoothed particle hydrodynamics with radiative transfer in the flux-limited diffusion approximation}",
  journal = {\mnras},
   eprint = {arXiv:astro-ph/0406392},
 keywords = {hydrodynamics, radiative transfer, methods: numerical},
     year = 2004,
    month = oct,
   volume = 353,
    pages = {1078-1094},
      doi = {10.1111/j.1365-2966.2004.08131.x},
   adsurl = {http://adsabs.harvard.edu/abs/2004MNRAS.353.1078W},
  adsnote = {Provided by the SAO/NASA Astrophysics Data System}
}

@ARTICLE{2007ApJ...667..626K,
   author = {{Krumholz}, M.~R. and {Klein}, R.~I. and {McKee}, C.~F. and 
	{Bolstad}, J.},
    title = "{Equations and Algorithms for Mixed-frame Flux-limited Diffusion Radiation Hydrodynamics}",
  journal = {\apj},
   eprint = {arXiv:astro-ph/0611003},
 keywords = {Hydrodynamics, Methods: Numerical, Radiative Transfer},
     year = 2007,
    month = sep,
   volume = 667,
    pages = {626-643},
      doi = {10.1086/520791},
   adsurl = {http://adsabs.harvard.edu/abs/2007ApJ...667..626K},
  adsnote = {Provided by the SAO/NASA Astrophysics Data System}
}

@ARTICLE{2003ApJS..147..197H,
   author = {{Hayes}, J.~C. and {Norman}, M.~L.},
    title = "{Beyond Flux-limited Diffusion: Parallel Algorithms for Multidimensional Radiation Hydrodynamics}",
  journal = {\apjs},
   eprint = {arXiv:astro-ph/0207260},
 keywords = {Hydrodynamics, Methods: Numerical, Radiative Transfer},
     year = 2003,
    month = jul,
   volume = 147,
    pages = {197-220},
      doi = {10.1086/374658},
   adsurl = {http://adsabs.harvard.edu/abs/2003ApJS..147..197H},
  adsnote = {Provided by the SAO/NASA Astrophysics Data System}
}

@ARTICLE{2011MNRAS.tmp.1118H,
   author = {{Harries}, T.~J.},
    title = "{An algorithm for Monte Carlo time-dependent radiation transfer}",
  journal = {\mnras},
archivePrefix = "arXiv",
   eprint = {1105.5571},
 primaryClass = "astro-ph.SR",
 keywords = {radiative transfer, methods: numerical, protoplanetary discs, stars: pre-main-sequence},
     year = 2011,
    month = jul,
    pages = {1118-+},
      doi = {10.1111/j.1365-2966.2011.19147.x},
   adsurl = {http://adsabs.harvard.edu/abs/2011MNRAS.tmp.1118H},
  adsnote = {Provided by the SAO/NASA Astrophysics Data System}
}

@ARTICLE{2011MNRAS.412.1943P,
   author = {{Pawlik}, A.~H. and {Schaye}, J.},
    title = "{Multifrequency, thermally coupled radiative transfer with TRAPHIC: method and tests}",
  journal = {\mnras},
archivePrefix = "arXiv",
   eprint = {1008.1071},
 primaryClass = "astro-ph.IM",
 keywords = {hydrodynamics, radiative transfer, methods: numerical, H II regions, diffuse radiation, large-scale structure of Universe},
     year = 2011,
    month = apr,
   volume = 412,
    pages = {1943-1964},
      doi = {10.1111/j.1365-2966.2010.18032.x},
   adsurl = {http://adsabs.harvard.edu/abs/2011MNRAS.412.1943P},
  adsnote = {Provided by the SAO/NASA Astrophysics Data System}
}
